1760 3152
197 142 331 203 mni
378 122 380 124 ¹
579 156 614 200 P
651 156 693 201 R·
724 155 842 201 ΑΕ
880 155 915 199 F
948 155 1204 201 Amiqo

197 273 306 322 laus
344 273 491 323 debet
513 275 621 323 'fine
666 275 761 323 vlla
798 271 1126 321 controuersia
1151 270 1532 322 Petro‘Dariieli
1555 278 1595 311 ί

199 342 367 404 tribui,
398 344 482 407 qui
518 344 715 395 Codicis
749 342 822 390 sui
855 342 1089 389 lectiones
1125 340 1226 406 ipse
1278 342 1327 388 in
1367 342 1585 406 margine

199 411 410 477 exempli
442 412 734 476 ,Longoliani
766 408 1053 474 scripserat„
1091 409 1230 465 Quae
1257 409 1349 475 nili
1379 411 1589 459 auctori-

198 476 297 527 tate
323 482 504 544 'magui
550 481 679 528 illius
723 477 975 542 Bongarfii
1018 476 1080 525 ad
1129 479 1312 537 calcem
1356 478 1621 527 editionis·

196 547 236 596 F
240 548 611 597 rancofurtenfis
640 547 818 611 politae
850 544 1066 606 suiss‘ent,
1112 545 1303 594 fortass'e
1337 547 1508 594 Bolius
1533 561 1588 596 et

197 615 281 664 alii
311 633 411 663 non
441 631 539 663 tam
578 617 744 663 felices
774 613 965 662 fuiss'ent
1003 613 1054 660 iu
1090 613 1319 661 tollendis
1343 613 1589 663 sanandis·-

197 702 294 749 que
330 685 493 732 multis
523 685 748 732 Vitarum
780 680 996 730 Cornelii
1021 680 1212 729 mendis
1248 695 1392 746 atque
1422 677 1594 732 vulne‘->

190 753 342 800 ribus.
416 753 577 800 Maior
613 767 777 799 tamen
816 749 1048 811 industria
1080 762 1128 797 et
1168 748 1419 814 diligentia
1452 769 1588 801 coms-

190 824 330 886 p‘aret
356 821 408 868 in
436 821 682 886 prioribus
714 818 1116 885 Imperatoribus,
1151 817 1266 865 inde
1303 837 1327 866 a
1359 817 1589 874 Miltiade

189 888 255 936 ad
283 888 558 953 Agefilaum
591 906 768 954 vsque,
820 906 967 953 quam
1001 887 1055 934 in
1090 886 1316 933 caeteris:
1373 903 1587 935 namex

188 957 409 1005 Eumene
442 957 667 1024 quidem,
715 957 1014 1017 Hamilcare,
1069 969 1117 1003 et
1151 954 1451 1016 Hannibale,
1480 955 1587 1006 ‘vix

191 1025 317 1073 duae
346 1027 423 1074 vel
449 1040 546 1074 tres
576 1026 810 1074 lectiones
838 1039 1057 1074 enotatae
1084 1022 1223 1085 funt3
1259 1042 1284 1071 e
1313 1023 1589 1084 Phocione,

189 1094 523 1155 Timoleonte,
562 1096 765 1156 Catone,
795 1093 981 1156 Attico,
1018 1093 1161 1157 plane
1202 1093 1377 1140 nullae.
1429 1091 1583 1149 Quod
1647 1146 1651 1152 .

190 1163 300 1227 quis
330 1163 413 1220 est,
449 1163 531 1210 cui
561 1173 663 1211 non
686 1161 1257 1227 suspicionem2moueat,
1301 1161 1440 1208 Vitas
1477 1161 1588 1209 illae

189 1231 392 1279 omnino
416 1231 615 1280 abfuiss'e
650 1232 711 1278 ab
744 1231 841 1277 hoc
871 1228 1097 1286 Codice?
1163 1227 1338 1294 Neque
1366 1246 1481 1275 vero
1499 1229 1590 1276 hic.

186 1316 310 1347 vnus
329 1299 454 1347 liber
476 1300 556 1360 est,
579 1300 716 1346 cuius
738 1298 823 1356 vsu
844 1298 1003 1346 Gallia
1018 1294 1366 1361 fibiNepotem
1380 1298 1583 1362 eiusque

185 1366 415 1417 Editores
445 1367 677 1416 deuinxit.
750 1367 878 1415 Nam
905 1363 1144 1414 Sauaroni
1175 1363 1392 1430 quidem,
1429 1383 1584 1430 quum

186 1435 406 1488 animum
446 1435 702 1501 appuliss'et
743 1433 806 1482 ad
841 1432 1132 1483 enarrandas
1173 1432 1581 1499 explicandasque
1636 1458 1638 1462 ·

184 1504 327 1557 §litas
337 1500 562 1574 Nepotis,
583 1504 723 1552 licuit
741 1501 1213 1553 consulere'Codices
1233 1501 1438 1566 scriptos
1458 1502 1581 1550 inte·
1649 1511 1651 1515 '

187 1590 300 1637 gros
329 1587 442 1622 tres.
532 1574 647 1620 Duo
680 1590 706 1620 e
736 1571 1037 1619 bibliotheca
1063 1570 1269 1617 Puteani
1299 1584 1578 1635 acceperat:

187 1658 399 1706 quorum
458 1659 578 1689 vnus
628 1640 880 1687 Bononiae
930 1637 1121 1686 saeculo
1172 1638 1343 1703 quinto
1383 1636 1579 1687 decimo

185 1707 391 1773 scriptus
413 1724 540 1769 erat,
572 1710 690 1755 alter
709 1706 1082 1765 fueratGifanii‚
1115 1724 1140 1753 e
1163 1723 1280 1771 quo,
1303 1719 1352 1753 vt
1371 1705 1472 1770 ipse
1494 1707 1581 1753 Gi-

185 1777 346 1825 fanius
376 1778 549 1824 multas
580 1776 813 1823 lectiones
847 1793 958 1822 cum
981 1775 1032 1821 in
1061 1774 1370 1822 Lucretiano-
1388 1773 1578 1836 Indice,

184 1859 291 1892 tum
307 1845 368 1905 in
384 1843 826 1894 Obl'eruationibus
849 1844 1041 1906 linguae
1062 1842 1289 1902 Latinae,
1333 1842 1400 1890 ita
1431 1843 1581 1891 etiam

182 1913 422 1962 Schottus
441 1914 493 1960 in
519 1912 665 1973 notis,
698 1911 917 1976 protulit.
931 1916 986 1943 **
1054 1911 1289 1976 Vterque,
1330 1911 1381 1957 in
1407 1911 1579 1975 primis
1628 1912 1631 1914 ’

185 1981 491 2042 Gifauianus,
526 1982 683 2031 bonae
711 1980 778 2028 est
797 1994 941 2044 atque
962 1976 1200 2044 spectatae
1224 1978 1356 2040 fidei,
1387 1979 1579 2044 Schop·

185 2049 272 2116 pio
310 2069 366 2100 ac
395 2050 639 2098 Bofiost*
666 2047 929 2096 iudicibus.
1013 2047 1238 2095 Tertium
1269 2047 1474 2096 donarat
1494 2048 1587 2111 ¹Sa-⁴

185 2119 356 2167 varoni
383 2120 431 2165 V
434 2119 618 2178 ibertus
644 2116 928 2182 Moguinus,
965 2115 1204 2165 Ecclefiae
1247 2117 1582 2166 Claromonta·'

183 2203 275 2235 nae
326 2188 602 2236 Canonicus
642 2199 691 2234 et
730 2184 985 2250 Syndicus.
1082 2184 1214 2232 Huic
1251 2182 1352 2252 ipse
1391 2184 1577 2231 Sauaro

182 2255 365 2320 primas
393 2254 584 2315 detulit,
608 2259 723 2288 ****
757 2272 847 2301 nec
877 2252 1028 2301 modo
1059 2253 1300 2316 eleganter
1327 2270 1437 2300 eum
1465 2250 1579 2298 scri-

181 2337 324 2388 ptum
353 2323 491 2373 fuiss'e
528 2323 690 2384 docet,
724 2340 893 2370 verum
921 2322 1065 2376 etiam
1092 2321 1406 2385 integriorem
1428 2320 1575 2383 longe

167 2391 665 2458 'emendatioremque
711 2390 905 2438 duobus
943 2389 1290 2454 superior-ibus.
1379 2387 1577 2435 Praeter

182 2459 277 2509 hos
308 2459 520 2509 Codices
551 2459 686 2509 idem
712 2460 795 2508 ille
834 2459 1020 2507 Sauaro
1049 2456 1256 2506 totidem
1280 2456 1490 2521 scriptos
1521 2456 1578 2502 li-

237 2617 260 2663 *,
308 2618 355 2659 V.
404 2620 652 2663 &ammai-th.
705 2618 854 2672 Elogia
964 2618 1026 2639 ***
1048 2617 1100 2659 V.
1125 2633 1158 2657 c.
1186 2615 1238 2656 ad
1257 2620 1310 2665 2‚'
1342 2628 1376 2653 1.
1400 2627 1416 2654 1
1444 2620 1486 2653 et
1507 2629 1546 2655 2.
1597 2602 1599 2605 ¹

183 2674 341 2719 Gallor.
369 2690 404 2725 ι,
435 2691 473 2728 9.
961 2674 1046 2715 **,**
1084 2674 1177 2714 Vid.
1221 2674 1274 2712 ad
1309 2686 1353 2722 1,
1395 2673 1432 2711 5..
1469 2672 1493 2710 3
1533 2677 1575 2711 et

240 2728 280 2753 ἦ*
309 2734 355 2773 V.
395 2734 581 2787 scioppii
623 2733 847 2775 Vei-ifimm.
908 2735 971 2781 18,
1004 2733 1040 2770 5.
1072 2745 1108 2782 7.
1194 2729 1328 2768 Habet
1373 2729 1574 2768 lectiones

180 2804 220 2843 p.
252 2791 317 2843 74.
904 2788 1320 2842 quasdamproprias,
1342 2791 1388 2824 vt
1407 2789 1471 2835 18,
1485 2787 1572 2824 5.5.
